@misc{MATLAB,
    author    = "MathWorks",
    title     = "Math. Graphics. Programming. Disponível em: \url{https://www.mathworks.com/products/matlab.html}",
}

@misc{McKinsey2020,
  author = {McKinsey \& Company},
  title = {Autonomous driving – the road to the future?},
  year = {2020}
}

@inproceedings{Quigley2009,
  author = {Quigley, M. and others},
  title = {ROS: an open-source Robot Operating System},
  booktitle = {ICRA Workshop on Open Source Software},
  year = {2009}
}

@book{Anderson2014,
  author = {Anderson, J.M. and others},
  title = {Autonomous Vehicle Technology: A Guide for Policymakers},
  publisher = {RAND Corporation},
  year = {2014}
}

@article{Bonnefon2016,
  author = {Bonnefon, J.F. and others},
  title = {The social dilemma of autonomous vehicles},
  journal = {Science},
  year = {2016}
}

@misc{AgilexLIMO,
    title     = "Documentation Agilex LIMO",
    howpublished = "\url{https://docs.trossenrobotics.com/agilex_limo_docs/}",
}

@misc{ROS2,
    title     = "Documentation ROS 2",
    howpublished = "\url{https://docs.ros.org/en/humble/index.html}",
}


@misc{pylimo,
    title     = "Pylimo",
    howpublished = "\url{https://pypi.org/project/pylimo/}",
    note      = "Python package for Agilex LIMO Robot"
}

@misc{LimoDocGitHub,
    title     = "Agilex LIMO Documentation on GitHub",
    howpublished = "\url{https://github.com/agilexrobotics/limo-doc}",
    note      = "GitHub repository for Agilex LIMO Robot Documentation"
}

@misc{diagramsnet,
    title     = "Diagrams.net",
    howpublished = "\url{https://app.diagrams.net/}",
    note      = "Outil en ligne pour la création de diagrammes et schémas"
}


@misc{NoMachine,
    title     = "NoMachine",
    howpublished = "\url{https://www.nomachine.com}",
    note      = "Solution de logiciel pour l'accès à distance et la gestion de postes de travail"
}

@misc{agilexLimoGithub,
    author    = "Deric Augusto",
    title     = "agilexLimo",
    year      = "2023",
    howpublished = "\url{https://github.com/DericAugusto/agilexLimo}",
    note      = "Dépôt GitHub pour le projet de véhicule autonome Agilex Limo"
}

